%% This BibTeX bibliography file was created using BibDesk.
%% http://bibdesk.sourceforge.net/


%% Created for Chris CL at 2013-06-06 23:55:53 +1000 


%% Saved with string encoding Unicode (UTF-8) 



@article{bde,
	Author = {J. Freixenet and X. Mu\~noz and D. Raba and J. Mart\'i and X. Cuf\'i},
	Date-Added = {2013-06-06 13:53:40 +0000},
	Date-Modified = {2013-06-06 13:55:53 +0000},
	Journal = {Proc. European Conf. Computer Vision},
	Pages = {408-422},
	Title = {Yet Another Survey on Image Segmentation: Region and Boundary Information Integration},
	Year = {2002}}

@article{topological,
	Author = {Suzuki, S. and Abe, K.},
	Date-Added = {2013-06-06 12:41:38 +0000},
	Date-Modified = {2013-06-06 12:48:38 +0000},
	Journal = {CVGIP},
	Number = {1},
	Pages = {32-46},
	Title = {Topological Structural Analysis of Digitized Binary Images by Border Following},
	Volume = {30},
	Year = {1985}}

@article{graphcut,
	Author = {Yuri Boykov and Olga Veksler and Ramin Zabih},
	Date-Added = {2013-06-06 12:39:58 +0000},
	Date-Modified = {2013-06-06 12:40:38 +0000},
	Journal = {Pattern Analysis and Machine Intelligence, IEEE Transactions on 23.11},
	Pages = {1222-1239},
	Title = {Fast approximate energy minimization via graph cuts},
	Year = {2001}}

@mastersthesis{ittiphd,
	Author = {Laurent Itti},
	Date-Added = {2013-06-06 12:37:56 +0000},
	Date-Modified = {2013-06-06 12:39:04 +0000},
	School = {California Institute of Technology Pasadena},
	Title = {Models of Bottom-Up and Top-Down Visual Attention},
	Year = {2000}}

@article{fuzzy,
	Author = {Yu-Fei Ma and Hong-Jiang Zhang},
	Date-Added = {2013-06-06 12:37:28 +0000},
	Date-Modified = {2013-06-06 12:37:54 +0000},
	Journal = {Proceedings of the eleventh ACM international conference on Multimedia. ACM},
	Title = {Contrast-based Image Attention Analysis by Using Fuzzy Growing},
	Year = {2003}}

@article{itti,
	Author = {Laurent Itti and Christof Koch and Ernst Niebur},
	Date-Added = {2013-06-06 12:36:24 +0000},
	Date-Modified = {2013-06-06 13:52:43 +0000},
	Journal = {IEEE Transactions on Pattern Analysis and Machine Intelligence},
	Month = {November},
	Number = {11},
	Title = {A Model of Saliency-Based Visual Attention for Rapid Scene Analysis},
	Volume = {20},
	Year = {1998}}

@article{sal2011,
	Author = {Tie Liu and Zejian Yuan and Jian Sun and Jingdong Wang and Nanning Zheng and Xiaoou Tang and Heung-Yeung Shum},
	Date-Added = {2013-06-06 12:34:20 +0000},
	Date-Modified = {2013-06-06 12:35:53 +0000},
	Journal = {Pattern Analysis and Machine Intelligence, IEEE Transactions on 33.2},
	Pages = {353-367},
	Title = {Learning to Detect a Salient Object},
	Year = {2011}}

@article{sal2007,
	Author = {Tie Liu and Jian Sun and Nan-Ning Zheng and Xiaoou Tang and Heung-Yeung Shum},
	Date-Added = {2013-06-06 12:32:15 +0000},
	Date-Modified = {2013-06-06 13:32:10 +0000},
	Journal = {Computer Vision and Pattern Recognition},
	Number = {7},
	Pages = {IEEE Conference on. IEEE},
	Title = {Learning to Detect A Salient Object},
	Volume = {CVPR},
	Year = {2007}}

@article{drwn,
	Author = {Gould, Stephen},
	Date-Added = {2013-06-06 12:29:38 +0000},
	Date-Modified = {2013-06-06 12:30:08 +0000},
	Journal = {Journal of Machine Learning Research},
	Pages = {3533-3537},
	Title = {DARWIN: A Framework for Machine Learning and Computer Vision Research and Development},
	Volume = {13},
	Year = {2012}}
